
@article{wolfowitz2002global,
  title={Global Information Grid (GIG) Overarching Policy},
  author={Wolfowitz, Paul},
  journal={US Department of Defense, directive},
  number={8100.1},
  year={2002}
}

@article{zhang2008air,
  title={Air/Space/Ground networks, a bridge trom today to tomorrow},
  author={Zhang, J},
  journal={International Aviation},
  volume={9},
  pages={34--37},
  year={2008}
}

@inproceedings{maamar2014new,
  title={A new lightweight link quality based reputation model for Space-Air-Ground Integrated Wireless Sensor Network (SAGIWSN)},
  author={Maamar, Mokhtar and Liu, Jianwei and Liu, Weiran},
  booktitle={Electronics, Computer and Applications, 2014 IEEE Workshop on},
  pages={230--236},
  year={2014},
  organization={IEEE}
}

@article{srj2006,
  title={我国天地一体化航天互联网构想},
  author={沈荣骏},
  journal={中国工程科学},
  volume={8},
  number={10},
  pages={19--30},
  year={2006}
}

@inproceedings{du2009integrated,
  title={Integrated network for China aeronautical communications},
  author={Du, Bing and Zhang, Jun},
  booktitle={Integrated Communications, Navigation and Surveillance Conference, 2009. ICNS'09.},
  pages={1--9},
  year={2009},
  organization={IEEE}
}

@article{ldr2012,
  title={论空天地一体化对地观测网络},
  author={李德仁},
  journal={地球信息科学学报},
  volume={14},
  number={4},
  pages={419--425},
  year={2012}
}

@article{zj2008,
  title={面向未来的空天地一体化网络技术},
  author={张军},
  journal={国际航空},
  volume={9},
  pages={34--37},
  year={2008}
}

@article{ldr2012di,
  title={高分辨率对地观测的若干前沿科学问题},
  author={李德仁 and 童庆禧 and 李荣兴 and 龚健雅 and 张良培},
  journal={中国科学: 地球科学},
  volume={42},
  number={6},
  pages={805--813},
  year={2012}
}

@book{myers2011art,
  title={The art of software testing},
  author={Myers, Glenford J and Sandler, Corey and Badgett, Tom},
  year={2011},
  publisher={John Wiley \& Sons}
}

@article{zyl2009sensor,
  title={The sensor web: systems of sensor systems},
  author={Zyl, TL van and Simonis, Ingo and McFerren, Graeme},
  journal={International Journal of Digital Earth},
  volume={2},
  number={1},
  pages={16--30},
  year={2009},
  publisher={Taylor \& Francis}
}

@inproceedings{hui2010application,
  title={Application examples of the network fixed point theory for space-air-ground integrated communication network},
  author={Hui, Liu and Jun, Zhang and Cheng, LL},
  booktitle={Ultra Modern Telecommunications and Control Systems and Workshops (ICUMT), 2010 International Congress on},
  pages={989--993},
  year={2010},
  organization={IEEE}
}

@article{aloisio2003dynamic,
  title={A dynamic earth observation system},
  author={Aloisio, Giovanni and Cafaro, Massimo},
  journal={Parallel Computing},
  volume={29},
  number={10},
  pages={1357--1362},
  year={2003},
  publisher={Elsevier}
}

@article{durst1997tcp,
  title={TCP extensions for space communications},
  author={Durst, Robert C and Miller, Gregory J and Travis, Eric J},
  journal={Wireless Networks},
  volume={3},
  number={5},
  pages={389--403},
  year={1997},
  publisher={Springer}
}

@article{fritz1996commercial,
  title={Commercial Earth observation satellites},
  author={Fritz, Lawrence W},
  journal={International Archives of Photogrammetry and Remote Sensing},
  volume={31},
  pages={273--282},
  year={1996}
}

@article{heninger1980specifying,
  title={Specifying software requirements for complex systems: New techniques and their application},
  author={Heninger, Kathryn L},
  journal={Software Engineering, IEEE Transactions on},
  number={1},
  pages={2--13},
  year={1980},
  publisher={IEEE}
}

@book{Alagar1998znotation,
  title={The Z Notation},
  author={Alagar, V. S. and Periyasamy, K.},
  publisher={Springer New York},
  pages={281-360},
  year={1998},
}

@article{easterbrook1998formal,
  title={Formal methods for verification and validation of partial specifications: A case study},
  author={Easterbrook, Steve and Callahan, John},
  journal={Journal of Systems and Software},
  volume={40},
  number={3},
  pages={199--210},
  year={1998},
  publisher={Elsevier}
}

@article{heitmeyer1996formal,
title={Formal Methods for Real-Time Computing},
author={Constance Heitmeyer,Dino Mandrioli,Politecnico Milano},
year={1996}}

@article{Heitmeyer1996Automated,
  title={Automated Consistency Checking of Requirements Specifications},
  author={Heitmeyer, Constance L. and Jeffords, Ralph D. and Labaw, Bruce G.},
  journal={Automated Consistency Checking of Requirements Specifications},
  volume={5},
  number={3},
  pages={231-261},
  year={1996},
}

@incollection{yi1991ccs,
  title={CCS+ time= an interleaving model for real time systems},
  author={Yi, Wang},
  booktitle={Automata, Languages and Programming},
  pages={217--228},
  year={1991},
  publisher={Springer}
}

@article{meyers1983software,
  title={Software requirements methodology and tool study for A6-E technology transfer},
  author={Meyers, S and White, Stephanie},
  journal={Grumman Aerospace Corp., Report},
  year={1983}
}

@article{reed1988timed,
  title={A timed model for communicating sequential processes},
  author={Reed, George M. and Roscoe, A William},
  journal={Theoretical Computer Science},
  volume={58},
  number={1},
  pages={249--261},
  year={1988},
  publisher={Elsevier}
}

@article{shaw1992communicating,
  title={Communicating real-time state machines},
  author={Shaw, Alan C},
  journal={Software Engineering, IEEE Transactions on},
  volume={18},
  number={9},
  pages={805--816},
  year={1992},
  publisher={IEEE}
}

@article{alur1994theory,
  title={A theory of timed automata},
  author={Alur, Rajeev and Dill, David L},
  journal={Theoretical computer science},
  volume={126},
  number={2},
  pages={183--235},
  year={1994},
  publisher={Elsevier}
}

@article{leveson1994requirements,
  title={Requirements specification for process-control systems},
  author={Leveson, Nancy G and Heimdahl, Mats Per Erik and Hildreth, Holly and Reese, Jon Damon},
  journal={Software Engineering, IEEE Transactions on},
  volume={20},
  number={9},
  pages={684--707},
  year={1994},
  publisher={IEEE}
}

@inproceedings{chen2012stec,
  title={Stec: A location-triggered specification language for real-time systems},
  author={Chen, Yixiang},
  booktitle={Object/Component/Service-Oriented Real-Time Distributed Computing Workshops (ISORCW), 2012 15th IEEE International Symposium on},
  pages={1--6},
  year={2012},
  organization={IEEE}
}

@inproceedings{wu2013denotational,
  title={On Denotational Semantics of Spatial-Temporal Consistency Language--STeC},
  author={Wu, Hengyang and Chen, Yixiang and Zhang, Min},
  booktitle={Theoretical Aspects of Software Engineering (TASE), 2013 International Symposium on},
  pages={113--120},
  year={2013},
  organization={IEEE}
}

@inproceedings{chen2014hybrid,
  title={A hybrid clock system related to STeC language},
  author={Chen, Yixiang and Zhang, Yuanrui},
  booktitle={Software Security and Reliability-Companion (SERE-C), 2014 IEEE Eighth International Conference on},
  pages={199--203},
  year={2014},
  organization={IEEE}
}

@inproceedings{zhang2014timed,
  title={Timed Automata Semantics of Spatial-Temporal Consistency Language STeC},
  author={Zhang, Yuanrui and Mallet, Frederic and Chen, Yixiang},
  booktitle={Theoretical Aspects of Software Engineering Conference (TASE), 2014},
  pages={201--208},
  year={2014},
  organization={IEEE}
}

@article{bianchessi2007heuristic,
  title={A heuristic for the multi-satellite, multi-orbit and multi-user management of earth observation satellites},
  author={Bianchessi, Nicola and Cordeau, Jean-Francois and Desrosiers, Jacques and Laporte, Gilbert and Raymond, Vincent},
  journal={European Journal of Operational Research},
  volume={177},
  number={2},
  pages={750--762},
  year={2007},
  publisher={Elsevier}
}

@article{ltj2013,
  title={实时系统规范语言 STeC 的 Maude 重写系统},
  author={栾天骄 and 陈仪香 and 王江涛},
  journal={计算机工程},
  volume={39},
  number={10},
  pages={57--62},
  year={2013}
}

@article{jz2014,
  title={基于 STeC-Stateflow 转换系统的实时系统仿真与验证方法},
  author={纪政 and 李慧勇 and 陈仪香},
  journal={计算机应用研究},
  volume={31},
  number={2},
  pages={448--453},
  year={2014}
}

@book{wq2005stk,
  title={STK 在计算机仿真中的应用},
  author={王琦 and 杨颖},
  year={2005},
  publisher={国防工业出版社}
}

@book{dsq2012stk,
  title={STK 在航天任务仿真分析中的应用},
  author={丁溯泉 and 张波 and 刘世勇},
  year={2012},
  publisher={国防工业出版社}
}

@book{huth2004logic,
  title={Logic in Computer Science: Modelling and reasoning about systems},
  author={Huth, Michael and Ryan, Mark},
  year={2004},
  publisher={Cambridge University Press}
}

@inproceedings{earthobservation,
author = {Wilson, W. Stanley and Dozier, Jeff},
title = {Earth Observing System},
journal = {Proc. SPIE},
volume = {1491},
number = {},
pages = {117-124},
abstract = {The Earth Observing System (EOS), the centerpiece of NASA's Mission to Planet Earth, is to study the interactions of the atmosphere, land, oceans, and living organisms, using the perspective of space to observe the earth as a global environmental system. To better understand the role of clouds in global change, EOS will measure incoming and emitted radiation at the top of the atmosphere. Then, to study characteristics of the atmosphere that influence radiation transfer between the top of the atmosphere and the surface, EOS wil observe clouds, water vapor and cloud water, aerosols, temperature and humidity, and directional effects. To elucidate the role of anthropogenic greenhouse gas and terrestrial and marine plants as a source or sink for carbon, EOS will observe the biological productivity of lands and oceans. EOS will also study surface properties that affect biological productivity at high resolution spatially and spectrally.},
year = {1991},
doi = {10.1117/12.46654},
URL = { http://dx.doi.org/10.1117/12.46654},
eprint = {}
}

@article{li2010contributions,
  title={Contributions to the global earth observation system of systems by China},
  author={Li, MX and Townshend, John R and Wu, BF},
  journal={Journal of Remote Sensing},
  volume={14},
  number={3},
  pages={571--578},
  year={2010}
}

@article{fritz1996commercial,
  title={Commercial Earth observation satellites},
  author={Fritz, Lawrence W},
  journal={International Archives of Photogrammetry and Remote Sensing},
  volume={31},
  pages={273--282},
  year={1996}
}

@article{larsen1997uppaal,
  title={UPPAAL in a nutshell},
  author={Larsen, Kim G and Pettersson, Paul and Yi, Wang},
  journal={International Journal on Software Tools for Technology Transfer (STTT)},
  volume={1},
  number={1},
  pages={134--152},
  year={1997},
  publisher={Springer}
}

@incollection{behrmann2004tutorial,
  title={A tutorial on uppaal},
  author={Behrmann, Gerd and David, Alexandre and Larsen, Kim G},
  booktitle={Formal methods for the design of real-time systems},
  pages={200--236},
  year={2004},
  publisher={Springer}
}

@article{gh2006uppaal,
  title={UPPAAL——一种适合自动验证实时系统的工具},
  author={郭华 and 庄雷 and 张习勇},
  journal={微计算机信息},
  number={05X},
  pages={52--54},
  year={2006}
}

@phdthesis{zsj2011uppaal,
  title={基于 UPPAAL 的上下文感知系统的建模, 仿真与验证工具的设计与实现},
  author={邹淑君},
  year={2011},
  school={华东师范大学}
}

@incollection{bengtsson2004timed,
  title={Timed automata: Semantics, algorithms and tools},
  author={Bengtsson, Johan and Yi, Wang},
  booktitle={Lectures on Concurrency and Petri Nets},
  pages={87--124},
  year={2004},
  publisher={Springer}
}

@book{clarke1999model,
  title={Model checking},
  author={Clarke, Edmund M and Grumberg, Orna and Peled, Doron},
  year={1999},
  publisher={MIT press}
}

@article{lhm2002model,
  title={模型检测: 理论, 方法与应用},
  author={林惠民 and 张文辉},
  journal={电子学报},
  volume={30},
  number={12},
  pages={1907--1912},
  year={2002}
}

@book{baier2008principles,
  title={Principles of model checking},
  author={Baier, Christel and Katoen, Joost-Pieter and others},
  volume={26202649},
  year={2008},
  publisher={MIT press Cambridge}
}

@article{hj2007vc,
  title={VC 和 STK 集成的途径及其在仿真中的应用},
  author={黄洁 and 党同心 and 赵拥军},
  journal={计算机仿真},
  volume={24},
  number={1},
  pages={291--294},
  year={2007}
}

@article{zyb2001stk,
  title={STK/Connect 模块分析与应用},
  author={张云彬 and 张永生},
  journal={测绘学院学报},
  volume={18},
  number={B09},
  pages={29--32},
  year={2001}
}

@article{patrick1998stk,
  title={STK Connect},
  author={Patrick, Ralph C and Marshall, Sheila R},
  journal={Analytical Graphics, INC (AGI)},
  year={1998}
}

@book{levine2009flex,
  title={Flex \& Bison: Text Processing Tools},
  author={Levine, John},
  year={2009},
  publisher={" O'Reilly Media, Inc."}
}

@masterthesis{ywd2008,
  title={深空通信中喷泉码技术研究及协议仿真},
  author={姚文顶},
  school={哈尔滨工业大学},
  year={2008},
}

@article{myf2014,
  title={基于部分交互的软件近似度量模型},
  author={马艳芳 and 陈亮},
  journal={计算机工程与应用},
  number={24},
  pages={32-37},
  year={2014},
}

@article{syh2011based,
  title={基于STK/X的卫星系统信息传输时效性仿真},
  author={孙艳红 and 刘冰 and 陈晖 and 韩晓娱},
  journal={无线电工程},
  volume={41},
  number={3},
  pages={56-58},
  year={2011},
}

@masterthesis{ltj2013master,
  title={实时系统规范语言 STeC 的 Maude 语义模型和静态分析设计及其工具实现},
  author={栾天骄},
  year={2013},
  school={华东师范大学}
}

@masterthesis{jz2014master,
  title={基于 STeC 的时空一致性智能体建模与调控仿真验证},
  author={纪政},
  year={2014},
  school={华东师范大学}
}

%@inproceedings{yao2015model,
%  title={A Model Language for Describing Spatio-temporal Changes},
%  author={Yao, Xinghua and Zhou, Jie},
%  booktitle={Software Quality, Reliability and Security-Companion (QRS-C), 2015 IEEE International Conference on},
%  pages={173--181},
%  year={2015},
%  organization={IEEE}
%}

@article{jw2013missionsurvey,
  title={对地观测卫星任务规划问题研究述评},
  author={姜维 and 郝会成 and 李一军},
  journal={系统工程与电子技术},
  number={9},
  pages={1878-1885},
  year={2013},
}

@article{wp2008missionsurvey,
  title={卫星对地观测任务规划问题简明综述},
  author={王沛 and 谭跃进},
  journal={计算机应用研究},
  volume={25},
  number={10},
  pages={2893-2897},
  year={2008},
}

@article{hrj2011missionsurvey,
  title={成像卫星任务规划模型、算法及其应用},
  author={贺仁杰 and 高鹏 and 白保存 and 李菊芳 and 姚锋 and 邢立宁},
  journal={系统工程理论与实践},
  volume={31},
  number={3},
  pages={411-422},
  year={2011},
}

@INPROCEEDINGS{spacenetwork, 
booktitle={Aerospace Conference Proceedings, 2002. IEEE}, 
title={Space network architecture technologies}, 
year={2002}, 
volume={3}, 
pages={3-1061-3-1069 vol.3}, 
}

@inproceedings{hy2013SAGIN,
  title={天地一体化信息网络国外发展现状与趋势},
  author={胡源 and 姜会林 and 丁莹 and 刘显著 and 朱一峰},
  booktitle={第二十八届全国通信与信息技术学术年会},
  year={2013},
}

@article{shames2003reference,
title={Reference architecture for space data systems},
author={P Shames,T Yamada},
year={2003}}

@article{zqw2007hangtian,
title={发展中的中国航天},
author={张庆伟},
journal={中国航天},
year={2007},
volume={08},
pages={3-8}}

@article{wikiearthobs,
   author = {Wikipedia},
   title = {Earth observation},
   year = {2015},
   url = {https://en.wikipedia.org/w/index.php?title=Earth_observation&oldid=684267162},
   note = {[Online accessed 2-March-2016]}
 }
 
 @article{wikigeoss,
   author = {Wikipedia},
   title = {Group on Earth Observations},
   year = {2016},
   url = {https://en.wikipedia.org/w/index.php?title=Group_on_Earth_Observations&oldid=706661667},
   note = "[Online accessed 2-March-2016]"
 }

 @article{lzj2011earthobssurvey,
  title={对地观测技术最新进展评述},
  author={林宗坚 and 李德仁 and 胥燕婴},
  journal={测绘科学},
  volume={36},
  number={4},
  pages={5-8},
  year={2011},
}

@inproceedings{Fuxman2001Model,
  title={Model checking early requirements specifications in Tropos},
  author={Fuxman, Ariel and Pistore, Marco and Mylopoulos, John and Traverso, Paolo},
  booktitle={Requirements Engineering, 2001. Proceedings. Fifth IEEE International Symposium on},
  pages={174-181},
  year={2001},
}

@article{hartmann2009a,
title={A practical guide to computer simulations},
author={Alexander K Hartmann,Heiko Rieger},
year={2009}}

@phdthesis{lw2008shedule,
  title={对地观测卫星任务规划模型与算法研究},
  author={刘伟},
  school={中国科学院研究生院(空间科学与应用研究中心)},
  year={2008},
}

@inproceedings{fonseca1993genetic,
  title={Genetic Algorithms for Multiobjective Optimization: FormulationDiscussion and Generalization.},
  author={Fonseca, Carlos M and Fleming, Peter J and others},
  booktitle={ICGA},
  volume={93},
  pages={416--423},
  year={1993},
  organization={Citeseer}
}
